@article{zakir2015big,
  title={Big Data Analytics.},
  author={Zakir, Jasmine and Seymour, Tom and Berg, Kristi},
  journal={Issues in Information Systems},
  volume={16},
  number={2},
  year={2015}
}

@inproceedings{verma2018beyond,
  title={Beyond Hadoop for e-commerce Big Data Analysis through Amazon},
  author={Verma, Ankush and Sethi, Nidhi and Jai, Neelesh},
  booktitle={2018 International Conference on Advanced Computation and Telecommunication (ICACAT)},
  pages={1--4},
  year={2018},
  organization={IEEE}
}

@misc{agarwal2014big,
  title={Big data, data science, and analytics: The opportunity and challenge for IS research},
  author={Agarwal, Ritu and Dhar, Vasant},
  journal={Information systems research},
  volume={25},
  number={3},
  pages={443--448},
  year={2014},
  publisher={INFORMS}
}

@article{jopson2011amazon,
  title={Amazon urges California referendum on online tax},
  author={Jopson, Barney and Garrahan, Matthew},
  journal={Financial Times},
  year={2011}
}

@article{singh2019analysis,
  title={Analysis of Amazon product reviews using big data-apache pig tool},
  author={Singh, Amrit Pal and Singh, Gurvinder},
  journal={International Journal of Information Engineering and Electronic Business},
  volume={10},
  number={1},
  pages={11},
  year={2019},
  publisher={Modern Education and Computer Science Press}
}

@inproceedings{chen2017application,
  title={Application and research of big data in E-commerce enterprises. Amazon as the case},
  author={Chen, Yujie},
  booktitle={2016 7th International Conference on Education, Management, Computer and Medicine (EMCM 2016)},
  pages={481--487},
  year={2017},
  organization={Atlantis Press}
}

@Webpage{amazon,
         url = {https://www.amazon.es/gp/help/customer/display.html?nodeId=GSXETHUPY4UM7CRD},
         author = amazon,
         title = {Cómo recopila Amazon tu información},
         year = 2022,
         lastchecked = {29 Noviembre 2022},
         note = {Ayuda y servicio de Atención al cliente}
}


@Webpage{reseniaAmazon,
         url = {https://www.veronicaruiz.es/la-importancia-de-las-resenas-en-amazon/},
         author = Veronica Ruiz,
         title = {La importancia de las resenias en amazon},
         year = 2021,
         lastchecked = {2Dec 20, 2021},
         note = {Ayuda al cliente}
}


@Webpage{bigDataAmazon,
		 url = {https://www.invisibly.com/learn-blog/how-amazon-uses-big-data },
         author = Invisibly,
         title = {How Does Amazon Use Big Data? Complete Insights for 2022},
         year = 2021,
         lastchecked = {Dec  20, 2021},
         note = {Ayuda al cliente}
}

@Webpage{semrush,
         url = {https://marketing4ecommerce.net/ecommerce-informe-semrush/},
         author = Semrush,
         title = {El estado del comercio electrónico: informe sobre las principales tendencias del eCommerce en 2022},
         year = 2022,
         lastchecked = {29 Noviembre 2022},
         note = {En el top 10 de los países que más tráfico mueven hacia eCommerce}
}

@Webpage{amazon-data,
         url = {https://www.diariosur.es/tecnologia/amazon-alexa-datos-privacidad-consulta-20220216144801-nt.html},
         author = amazon,
         title = {Solicita tu información personal},
         year = 2022,
         lastchecked = {29 Noviembre 2022},
         note = {Ayuda y servicio de Atención al cliente}
}

@Webpage{Beulke,
         url = {http://davebeulke.com/big-data-impacts-data-management-the-five-vs-of-big-data},
         author = Beulke,
         title = {Big Data Impacts Data Management: The 5 Vs of big data},
         year = 2011,
         lastchecked = {29 Noviembre 2022}
}

@Webpage{Gentile,
         url = {http:// mashable.com/2012/06/19/big-data-myths/MwZnjjrOR8qV},
         author = Gentile,
         title = {Top 5 myths about big data},
         year = 2016,
         lastchecked = {29 Noviembre 2022},
}

@book{manyika2011big,
  title={Big data: The next frontier for innovation, competition, and productivity},
  author={Manyika, James and Chui, Michael and Brown, Brad and Bughin, Jacques and Dobbs, Richard and Roxburgh, Charles and Hung Byers, Angela and others},
  year={2011},
  publisher={McKinsey Global Institute}
}

@misc{russom2011big,
  title={Big Data Analytics. TDWI Best Practices Report, Fourth Quarter, 2011},
  author={Russom, Phillip},
  year={2011},
  publisher={The Data Warehousing Institute}
}

@article{davenport2006competing,
  title={Competing on analytics},
  author={Davenport, Thomas H and others},
  journal={Harvard business review},
  volume={84},
  number={1},
  pages={98},
  year={2006}
}

@article{bragge2012exploratory,
  title={An exploratory study on customer responses to personalized banner messages in the online banking context},
  author={Bragge, Johanna and Sunikka, Anne and Kallio, Henrik},
  journal={JITTA: Journal of Information Technology Theory and Application},
  volume={13},
  number={3},
  pages={5},
  year={2012},
  publisher={Association for Information Systems}
}

